
@article{Borsanyi:2010bp,
    author = "Borsanyi, Szabolcs and Fodor, Zoltan and Hoelbling, Christian and Katz, Sandor D and Krieg, Stefan and Ratti, Claudia and Szabo, Kalman K.",
    collaboration = "Wuppertal-Budapest",
    title = "{Is there still any $T_c$ mystery in lattice QCD? Results with physical masses in the continuum limit III}",
    eprint = "1005.3508",
    archivePrefix = "arXiv",
    primaryClass = "hep-lat",
    reportNumber = "WUB-10-11, MIT-CTP-4152",
    doi = "10.1007/JHEP09(2010)073",
    journal = "JHEP",
    volume = "09",
    pages = "073",
    year = "2010"
}

@article{Braun:2014ata,
    author = "Braun, Jens and Fister, Leonard and Pawlowski, Jan M. and Rennecke, Fabian",
    title = "{From Quarks and Gluons to Hadrons: Chiral Symmetry Breaking in Dynamical QCD}",
    eprint = "1412.1045",
    archivePrefix = "arXiv",
    primaryClass = "hep-ph",
    doi = "10.1103/PhysRevD.94.034016",
    journal = "Phys. Rev. D",
    volume = "94",
    number = "3",
    pages = "034016",
    year = "2016"
}


@article{Fu:2019hdw,
    author = "Fu, Wei-jie and Pawlowski, Jan M. and Rennecke, Fabian",
    title = "{QCD phase structure at finite temperature and density}",
    eprint = "1909.02991",
    archivePrefix = "arXiv",
    primaryClass = "hep-ph",
    doi = "10.1103/PhysRevD.101.054032",
    journal = "Phys. Rev. D",
    volume = "101",
    number = "5",
    pages = "054032",
    year = "2020"
}

@article{Herbst:2013ufa,
    author = "Herbst, Tina Katharina and Mitter, Mario and Pawlowski, Jan M. and Schaefer, Bernd-Jochen and Stiele, Rainer",
    title = "{Thermodynamics of QCD at vanishing density}",
    eprint = "1308.3621",
    archivePrefix = "arXiv",
    primaryClass = "hep-ph",
    doi = "10.1016/j.physletb.2014.02.045",
    journal = "Phys. Lett. B",
    volume = "731",
    pages = "248--256",
    year = "2014"
}

@article{Mitter:2013fxa,
    author = "Mitter, Mario and Schaefer, Bernd-Jochen",
    title = "{Fluctuations and the axial anomaly with three quark flavors}",
    eprint = "1308.3176",
    archivePrefix = "arXiv",
    primaryClass = "hep-ph",
    doi = "10.1103/PhysRevD.89.054027",
    journal = "Phys. Rev. D",
    volume = "89",
    number = "5",
    pages = "054027",
    year = "2014"
}

@article{Rai:2018ufz,
    author = "Rai, Suraj Kumar and Tiwari, Vivek Kumar",
    title = "{Exploring axial $U(1)$ restoration in a modified 2+1 flavor Polyakov quark meson model}",
    eprint = "1812.06786",
    archivePrefix = "arXiv",
    primaryClass = "hep-ph",
    doi = "10.1140/epjp/s13360-020-00851-5",
    journal = "Eur. Phys. J. Plus",
    volume = "135",
    number = "10",
    pages = "844",
    year = "2020"
}



@article{Rennecke:2016tkm,
    author = "Rennecke, Fabian and Schaefer, Bernd-Jochen",
    title = "{Fluctuation-induced modifications of the phase structure in (2+1)-flavor QCD}",
    eprint = "1610.08748",
    archivePrefix = "arXiv",
    primaryClass = "hep-ph",
    doi = "10.1103/PhysRevD.96.016009",
    journal = "Phys. Rev. D",
    volume = "96",
    number = "1",
    pages = "016009",
    year = "2017"
}

@article{Resch:2017vjs,
    author = "Resch, Simon and Rennecke, Fabian and Schaefer, Bernd-Jochen",
    title = "{Mass sensitivity of the three-flavor chiral phase transition}",
    eprint = "1712.07961",
    archivePrefix = "arXiv",
    primaryClass = "hep-ph",
    doi = "10.1103/PhysRevD.99.076005",
    journal = "Phys. Rev. D",
    volume = "99",
    number = "7",
    pages = "076005",
    year = "2019"
}

@article{Schaefer:2008hk,
    author = "Schaefer, Bernd-Jochen and Wagner, Mathias",
    title = "{The Three-flavor chiral phase structure in hot and dense QCD matter}",
    eprint = "0808.1491",
    archivePrefix = "arXiv",
    primaryClass = "hep-ph",
    doi = "10.1103/PhysRevD.79.014018",
    journal = "Phys. Rev. D",
    volume = "79",
    pages = "014018",
    year = "2009"
}

@article{Tiwari:2013pg,
    author = "Tiwari, Vivek Kumar",
    title = "{Comparing symmetry restoration trends for meson masses and mixing angles in the QCD-like three quark flavor models}",
    eprint = "1301.3717",
    archivePrefix = "arXiv",
    primaryClass = "hep-ph",
    doi = "10.1103/PhysRevD.88.074017",
    journal = "Phys. Rev. D",
    volume = "88",
    number = "7",
    pages = "074017",
    year = "2013"
}

@article{Wen:2018nkn,
    author = "Wen, Rui and Huang, Chuang and Fu, Wei-Jie",
    title = "{Baryon number fluctuations in the 2+1 flavor low energy effective model}",
    eprint = "1809.04233",
    archivePrefix = "arXiv",
    primaryClass = "hep-ph",
    doi = "10.1103/PhysRevD.99.094019",
    journal = "Phys. Rev. D",
    volume = "99",
    number = "9",
    pages = "094019",
    year = "2019"
}
